@ONLINE{adapterjs,
title = {adapter.js},
year = 2020,
url = {https://github.com/webrtcHacks/adapter},
urldate = {2020-03-03}
}

@ONLINE{caniuse,
title = {Can I Use},
year = 2020,
url = {https://caniuse.com/},
urldate = {2020-03-03}
}