%% This BibTeX bibliography file was created using BibDesk.
%% https://bibdesk.sourceforge.io/

%% Created for Lehmann Frédéric Nicolas at 2020-03-04 17:14:07 +0100 


@webpage{caniuse,
	Date-Added = {2020-03-04},
	Date-Modified = {2020-03-04},
	Keywords = {Can I Use},
	Title = {Can I Use},
	Lastchecked = {03.03.2020},
	Url = {https://caniuse.com/},
	Year = {2020}}

@webpage{adapterjs,
	Date-Added = {2020-03-04},
	Date-Modified = {2020-03-04},
	Keywords = {Adapter},
	Lastchecked = {2020-03-03},
	Title = {Adapter.js},
	Url = {https://github.com/webrtc/adapter},
	Urldate = {2020-03-03}}

@webpage{coturn,
	Date-Added = {2020-03-04},
	Date-Modified = {2020-03-04},
	Keywords = {Coturn},
	Lastchecked = {2020-03-03},
	Title = {Coturn},
	Url = {https://github.com/coturn/coturn},
	Urldate = {2020-03-03}}

@webpage{TURN:sec,
	Date-Added = {2020-03-04},
	Date-Modified = {2020-03-04},
	Keywords = {TURN, security},
	Lastchecked = {2020-03-03},
	Title = {TURN security},
	Url = {https://tools.ietf.org/html/rfc5766#section-17.1.6},
	Urldate = {2020-03-03}}

@webpage{webrtc:connect,
	Date-Added = {2020-03-11},
	Date-Modified = {2020-03-11},
	Lastchecked = {2020-03-11},
	Title = {WebRTC connect},
	Url = {https://codesandbox.io/s/open-connection-lri4p},
	Urldate = {2020-03-11}}

@webpage{webrtc:disconnect,
	Date-Added = {2020-03-11},
	Date-Modified = {2020-03-11},
	Lastchecked = {2020-03-11},
	Title = {WebRTC disconnect},
	Url = {https://codesandbox.io/s/close-connection-lvzcw},
	Urldate = {2020-03-11}}

@webpage{webrtc:senddata,
	Date-Added = {2020-03-11},
	Date-Modified = {2020-03-11},
	Lastchecked = {2020-03-11},
	Title = {WebRTC send data},
	Url = {https://codesandbox.io/s/send-data-zy5r9},
	Urldate = {2020-03-11}}

@webpage{media:featurecheck,
	Date-Added = {2020-03-11},
	Date-Modified = {2020-03-11},
	Lastchecked = {2020-03-11},
	Title = {Media feature check},
	Url = {https://codesandbox.io/s/feature-check-xqv8t},
	Urldate = {2020-03-11}}

@webpage{media:access,
	Date-Added = {2020-03-11},
	Date-Modified = {2020-03-11},
	Lastchecked = {2020-03-11},
	Title = {Media access},
	Url = {https://codesandbox.io/s/access-device-uwvby},
	Urldate = {2020-03-11}}

@webpage{webrtc:sendmedia,
	Date-Added = {2020-03-11},
	Date-Modified = {2020-03-11},
	Lastchecked = {2020-03-11},
	Title = {WebRTC send media},
	Url = {https://codesandbox.io/s/close-connection-lvzcw},
	Urldate = {2020-03-11}}

@webpage{socketio,
	Date-Added = {2020-03-21},
	Date-Modified = {2020-03-21},
	Lastchecked = {2020-03-21},
	Title = {Socket.io},
	Url = {https://socket.io/},
	Urldate = {2020-03-21}}

@webpage{wikipedia:webconf,
	Date-Added = {2020-03-22},
	Date-Modified = {2020-03-22},
	Lastchecked = {2020-03-22},
	Title = {Wikipedia: Comparison of web conferencing software},
	Url = {https://en.wikipedia.org/wiki/Comparison_of_web_conferencing_software},
	Urldate = {2020-03-22}}

@webpage{starleaf,
	Date-Added = {2020-04-03},
	Date-Modified = {2020-04-03},
	Lastchecked = {2020-04-03},
	Title = {Starleaf video conferencing},
	Url = {https://www.starleaf.com/},
	Urldate = {2020-04-03}}

@webpage{googlemeet,
	Date-Added = {2020-04-03},
	Date-Modified = {2020-04-03},
	Lastchecked = {2020-04-03},
	Title = {Google Meet video conferencing},
	Url = {https://meet.google.com},
	Urldate = {2020-04-03}}

@webpage{microsoftteams,
	Date-Added = {2020-04-03},
	Date-Modified = {2020-04-03},
	Lastchecked = {2020-04-03},
	Title = {Microsoft Teams video conferencing},
	Url = {https://www.microsoft.com/en-us/microsoft-365/microsoft-teams/group-chat-software},
	Urldate = {2020-04-03}}

@webpage{skype,
	Date-Added = {2020-04-03},
	Date-Modified = {2020-04-03},
	Lastchecked = {2020-04-03},
	Title = {Skype video conferencing},
	Url = {https://www.skype.com},
	Urldate = {2020-04-03}}

@webpage{zoom,
	Date-Added = {2020-04-03},
	Date-Modified = {2020-04-03},
	Lastchecked = {2020-04-03},
	Title = {Zoom video conferencing},
	Url = {https://zoom.us},
	Urldate = {2020-04-03}}

@webpage{BigBlueButton,
	Date-Added = {2020-04-03},
	Date-Modified = {2020-04-03},
	Lastchecked = {2020-04-03},
	Title = {BigBlueButton video conferencing},
	Url = {https://bigbluebutton.org},
	Urldate = {2020-04-03}}

@webpage{ApacheOpenMeetings,
	Date-Added = {2020-04-03},
	Date-Modified = {2020-04-03},
	Lastchecked = {2020-04-03},
	Title = {Apache OpenMeeting video conferencing},
	Url = {https://openmeetings.apache.org/},
	Urldate = {2020-04-03}}

@webpage{jitsi,
	Date-Added = {2020-04-03},
	Date-Modified = {2020-04-03},
	Lastchecked = {2020-04-03},
	Title = {Jitsi video conferencing},
	Url = {https://jitsi.org/jitsi-meet/},
	Urldate = {2020-04-03}}
